@article{mcadams,
  author = {McAdams, H. H. and Arkin, A.},
  month = {02},
  pages = {814-819},
  title = {Stochastic mechanisms in gene expression},
  doi = {10.1073/pnas.94.3.814},
  volume = {94},
  year = {1997},
  journal = {Proceedings of the National Academy of Sciences}
}

@book{bain,
  author = {Bain, Alan and Crisan, Dan},
  month = {01},
  title = {Fundamentals of Stochastic Filtering},
  doi = {10.1007/978-0-387-76896-0},
  urldate = {2024-01-22},
  year = {2009},
  organization = {Applications of mathematics}
}

@article{zechner,
  author = {Zechner, Christoph and Unger, Michael and Pelet, Serge and Peter, Matthias and Koeppl, Heinz},
  month = {01},
  pages = {197-202},
  title = {Scalable inference of heterogeneous reaction kinetics from pooled single-cell recordings},
  doi = {10.1038/nmeth.2794},
  urldate = {2020-02-10},
  volume = {11},
  year = {2014},
  journal = {Nature Methods}
}

@article{hasenauer,
  author = {Hasenauer, J. and Wolf, V. and Kazeroonian, A. and Theis, F. J.},
  month = {08},
  pages = {687-735},
  title = {Method of conditional moments (MCM) for the Chemical Master Equation},
  doi = {10.1007/s00285-013-0711-5},
  urldate = {2022-04-19},
  volume = {69},
  year = {2013},
  journal = {Journal of Mathematical Biology}
}

@article{elowitz, title={A synthetic oscillatory network of transcriptional regulators}, url={https://www.nature.com/articles/35002125#citeas}, journal={Nature News}, publisher={Nature Publishing Group}, author={Elowitz, Michael B. and Leibler, Stanislas}, year={2000}} 